@ONLINE {auto_slam,
    author = "Z. Riaz  A. Pervezm, M. Ahmer, J. Iqbal",
    title  = "A fully autonomous indoor mobile robot using SLAM",
    month  = "nov",
    year   = "2010",
    url    = "https://ieeexplore.ieee.org/document/5625691"
}

@online{ros,
  author = {Open Robotics},
  title = {Robot Operating System} ,
  year = 2019,
  url = {https://www.ros.org/about-ros/},
  urldate = {2020-01-18}
}

@online{gazebo,
  author = {Open Source Robotics Foundation},
  title = {Gazebo} ,
  year = 2019,
  url = {http://gazebosim.org/},
  urldate = {2020-01-18}
}

@online{kinect_setup,
  author = {sauravagarwal},
  title = {How To Setup Kinect with ROS and RGBD SLAM},
  year = 2016,
  url = {https://www.sauravag.com/2016/10/how-to-setup-kinect-with-ros-and-rgbd-slam/},
  urldate = {2020-01-18}
  
}

@online{lidar,
  author = {sick},
  title = {2D LiDAR sensors NAV2xx},
  year = 2019,
  url = {https://www.sick.com/us/en/detection-and-ranging-solutions/2d-lidar-sensors/nav2xx/c/g356151},
  urldate = {2020-01-18}
  
}

@mastersthesis{jsikora-bsc-20-twiki,
  author = {Sikora, Jakub},
  title = {{Integracja części manipulacyjnej i bazy mobilnej robota Velma na potrzeby symulacji}},
  school = {WEiTI},
  year = {2020},
  type = {Bachelor's thesis},
  lang = {pl},
  organization = {IAiIS},
  publisher = {IAiIS},
  tutor = {Tomasz Winiarski},
  twiki = {bsc}
}